<?xml version="1.0" encoding="UTF-8"?><collection xmlns="http://www.loc.gov/MARC21/slim"><record><leader>00689nam--2200181-i-4500</leader><controlfield tag="001">000015655</controlfield><controlfield tag="002">20161230</controlfield><controlfield tag="005">20161230201031</controlfield><controlfield tag="008">060222s1000------------r-----000-0-eng-d</controlfield><datafield ind1=" " ind2=" " tag="020"><subfield code="a">0854981721</subfield></datafield><datafield ind1=" " ind2=" " tag="040"><subfield code="a">IFIN-HH</subfield></datafield><datafield ind1=" " ind2=" " tag="080"><subfield code="a">539.172(061.3)</subfield></datafield><datafield ind1="1" ind2=" " tag="100"><subfield code="a">Johnson, M.W</subfield></datafield><datafield ind1="1" ind2="0" tag="245"><subfield code="a">Neutron scattering data analysis 1986</subfield><subfield code="b">Workshop on neutron scattering data analysis 1986 invited and contributed papers from the worshop held at the rutherford appleton laboratory, chilton, 13-14 march 1986</subfield><subfield code="c">M.w. johnson (ed.)</subfield></datafield><datafield ind1=" " ind2=" " tag="260"><subfield code="a">Bristol</subfield><subfield code="b">Institute Of Physics</subfield><subfield code="c">1986</subfield></datafield><datafield ind1=" " ind2=" " tag="490"><subfield code="a">Institute Of Physics Conference Series</subfield><subfield code="v">Number 81</subfield></datafield><datafield ind1=" " ind2=" " tag="852"><subfield code="a">74709</subfield><subfield code="c">539.17</subfield></datafield><datafield ind1=" " ind2=" " tag="CAT"><subfield code="a">Sys</subfield><subfield code="c">20120625</subfield><subfield code="h">163811</subfield></datafield></record></collection>